@online{OptimalJobScheduling,
  author  = {Wikipedia contributors},
  title   = {Optimal Job Scheduling},
  date    = {2023-13-8},
  url     = {https://en.wikipedia.org/wiki/Optimal_job_scheduling},
  urldate = {2024-10-1}
}
@online{Job-ShopScheduling,
  author  = {Wikipedia contributors},
  title   = {Job-Shop Scheduling},
  date    = {2023-7-12},
  url     = {https://en.wikipedia.org/wiki/Job-shop_scheduling},
  urldate = {2024-10-1}
}